@inproceedings{reshma2017distributed,
  title={Distributed Representation in Information Retrieval-AMRITA\_CEN\_NLP@ IRLeD 2017.},
  author={Reshma, U and Kumar, M Anand and Soman, KP},
  booktitle={FIRE (Working Notes)},
  pages={69--71},
  year={2017}
}

@inproceedings{kulkarni2017detection,
  title={Detection of Catchphrases and Precedence in Legal Documents.},
  author={Kulkarni, Yogesh H and Patil, Rishabh and Shridharan, Srinivasan},
  booktitle={FIRE (Working Notes)},
  pages={86--89},
  year={2017}
}

@inproceedings{bhargava2017catchphrase,
  title={Catchphrase Extraction from Legal Documents Using LSTM Networks.},
  author={Bhargava, Rupal and Nigwekar, Sukrut and Sharma, Yashvardhan},
  booktitle={FIRE (Working Notes)},
  pages={72--73},
  year={2017}
}

@inproceedings{das2017catch,
  title={Catch Phrase Extraction from Legal Documents Using Deep Neural Network.},
  author={Das, Sourav and Barua, Ranojoy},
  booktitle={FIRE (Working Notes)},
  pages={78--79},
  year={2017}
}

@inproceedings{thenmozhi2017text,
  title={A Text Similarity Approach for Precedence Retrieval from Legal Documents.},
  author={Thenmozhi, D and Kannan, Kawshik and Aravindan, Chandrabose},
  booktitle={FIRE (Working Notes)},
  pages={90--91},
  year={2017}
}

@article{agarwal2017deep,
  title={A Deep Network Model for Paraphrase Detection in Short Text Messages},
  author={Agarwal, Basant and Ramampiaro, Heri and Langseth, Helge and Ruocco, Massimiliano},
  journal={arXiv preprint arXiv:1712.02820},
  year={2017}
}

